[gd_scene load_steps=8 format=2]

[ext_resource path="res://assets/img/shop/tower_red_a.png" type="Texture" id=1]
[ext_resource path="res://UI/PNG/yellow_button06.png" type="Texture" id=2]
[ext_resource path="res://scenes/ui/fonttest.tres" type="DynamicFont" id=3]
[ext_resource path="res://UI/PNG/grey_button11.png" type="Texture" id=4]
[ext_resource path="res://assets/img/shop/crystal.png" type="Texture" id=5]
[ext_resource path="res://src/UserInterface/Shop/ShopItem.cs" type="Script" id=6]
[ext_resource path="res://UI/PNG/grey_button10.png" type="Texture" id=7]

[node name="ShopButton" type="Control"]
margin_right = 200.0
margin_bottom = 190.0
rect_min_size = Vector2( 180, 180 )
script = ExtResource( 6 )
__meta__ = {
"_edit_use_anchors_": true
}

[node name="Button" type="TextureButton" parent="."]
anchor_right = 1.0
anchor_bottom = 1.0
margin_left = 10.0
margin_top = 5.0
margin_right = -10.0
margin_bottom = -5.0
keep_pressed_outside = true
texture_normal = ExtResource( 7 )
texture_pressed = ExtResource( 4 )
texture_hover = ExtResource( 2 )
expand = true
__meta__ = {
"_edit_use_anchors_": false
}

[node name="TowerImage" type="Sprite" parent="Button"]
position = Vector2( 90, 90 )
texture = ExtResource( 1 )

[node name="Cost" type="TextureRect" parent="Button"]
anchor_top = 1.0
anchor_bottom = 1.0
margin_left = 20.0
margin_top = -45.0
margin_right = 130.0
margin_bottom = -15.0
texture = ExtResource( 5 )
__meta__ = {
"_edit_use_anchors_": false
}

[node name="CostText" type="RichTextLabel" parent="Button/Cost"]
anchor_top = 1.0
anchor_bottom = 1.0
margin_left = 17.5
margin_top = -29.5
margin_right = 197.5
margin_bottom = 24.5
custom_fonts/normal_font = ExtResource( 3 )
text = " 9
"
fit_content_height = true
scroll_active = false
__meta__ = {
"_edit_use_anchors_": false
}

[connection signal="button_down" from="Button" to="." method="OnButtonDown"]
